@book{booktest,
	author       = {Erich Gamma and Richard Helm and Ralph Johnson and John Vlissides},
	title        = {Design Patterns Elements of Reusable Object Oriented Software},
	publisher    = {Addison Wesley},
	pages        = {326 bis 337},
	date         = {1997},
	keywords     = {book},
}

@book{spsbook,
	author       = {Adolf Auer},
	title        = {SPS, Aufbau und Programmierung},
	publisher    = {HÃ¼tig Verlag},
	date         = {1996},
	keywords     = {book},
}

@book{juconn-json,
	author       = {Juconn GmbH},
	title        = {MQTT-INTEGRATION},
	date         = {2017},
	keywords     = {book},
}

@book{wiringiot,
	author       = {Lucy Rogers and Andy Stanford-clark},
	title        = {Wiring the IoT: Connecting Hardware With Raspberry Pi, Node-RED, and MQTT},
	publisher    = {O'Reilly Media},
	date         = {2017},
	keywords     = {book},
}

@online{awslambda,
	author       = {Douglas Adams},
	title        = {AWS Lambda Services},
	organization = {Amazon Ltd.},
	date         = {2019},
	urldate      = {2019-01-17},
	url          = {https://en.wikibooks.org/wiki/LaTeX\Generating_Bibliographies_with_biblatex_and_biber},
	keywords     = {online},
}

@online{4diac,
	author       = {Eclipse Foundation Inc.},
	title        = {What is Eclipse 4diac?},
	date         = {2019},
	urldate      = {2019-01-16},
	url          = {https://www.eclipse.org/4diac/},
	keywords     = {online},
}

@online{forte,
	author       = {Eclipse Foundation Inc.},
	title        = {Building FORTE on the RPI},
	date         = {2019},
	urldate      = {2019-01-16},
	url          = {https://www.eclipse.org/4diac/documentation/html/installation/raspi.html},
	keywords     = {online},
}

@online{plc,
	author       = {Eclipse Foundation Inc.},
	title        = {Building FORTE on the RPI},
	date         = {2019},
	urldate      = {2019-01-16},
	url          = {https://www.eclipse.org/4diac/documentation/html/before4DIAC/iec61499.html},
	keywords     = {online},
}

@online{plc1,
	author       = {ToDo 4diac},
	title        = {IEC 61499 101 - PLC},
	date         = {2019},
	urldate      = {2019-01-16},
	url          = {https://de.wikipedia.org/wiki/EN_61499},
	keywords     = {online},
}

@online{4diacmqtt,
	author       = {ToDo},
	title        = {EN 61499},
	date         = {2019},
	urldate      = {2019-01-16},
	url          = {https://www.django-rest-framework.org/tutorial/2-requests-and-responses/},
	keywords     = {online},
}

@online{nodered,
	author       = {JS Foundation},
	title        = {Flow-based programming for the Internet of Things},
	date         = {2019},
	urldate      = {2019-01-16},
	url          = {https://nodered.org},
	keywords     = {online},
}

@online{mqtt,
	author       = {Richard Coppen},
	title        = {MQTT Message Queuing Telementry Transport},
	date         = {2019},
	urldate      = {2019-01-16},
	url          = {https://www.oasis-open.org/committees/tc_home.php?wg_abbrev=mqtt},
	keywords     = {online},
}

@online{broker,
	author       = {ToDo},
	title        = {ToDo Broker},
	date         = {2019},
	urldate      = {2019-01-16},
	url          = {https://en.wikipedia.org/wiki/Message_broker},
	keywords     = {online},
}

@report{mw,
	author       = {Mark Weiser},
	title        = {The Computer for the 21st Century},
	date         = {1991},
	urldate      = {2019-01-16},
	url          = {https://www.ics.uci.edu/~djp3/classes/2012_09_INF241/papers/Weiser-Computer21Century-SciAm.pdf},
	keywords     = {online},
}

@online{cloud,
	author       = {Miroslav Stimac},
	title        = {Wo die Cloud hilft - und wo nicht},
	date         = {2019},
	urldate      = {2019-01-24},
	url          = {https://www.golem.de/news/aws-azure-alibaba-ibm-cloud-wo-die-cloud-hilft-und-wo-nicht-1901-138497.html},
	keywords     = {online},
}

@online{asym,
	author       = {Wikipedia},
	title        = {Asymmetrisches Kryptosystem},
	date         = {2019},
	urldate      = {2019-01-24},
	url          = {https://de.wikipedia.org/wiki/Asymmetrisches_Kryptosystem},
	keywords     = {online},
}

@online{wiki1,
	author       = {Wikipedia},
	title        = {IEC 61499},
	date         = {2019},
	urldate      = {2019-01-31},
	url          = {https://de.wikipedia.org/wiki/EN_61499},
	keywords     = {online},
}

@online{wikimoscow,
	author       = {Wikipedia},
	title        = {MoSCoW-Priorisierung},
	date         = {2019},
	urldate      = {2019-02-07},
	url          = {https://de.wikipedia.org/wiki/MoSCoW-Priorisierung},
	keywords     = {online},
}

@online{mosquitto,
	author       = {Roger Light},
	title        = {Mosquitto - a lightweight implementation of a broker that supports the MQTT protocol},
	date         = {2019},
	urldate      = {2019-02-07},
	url          = {https://wiki.eclipse.org/Mosquitto},
	keywords     = {online},
}


